@techreport{TN91,
	author = "Jenkins, S. and others",
	title="{HK} {LI} {F}ibre {S}pecifications",
	type={\unskip\space},
	address="HK-TN-0091",
	month=8,
	year="2025"
}

@techreport{TN42,
author="Boyd, S. and others",
title="{H}yper-{K}amiokande Light Injector Diffuser Technical Note",
type={\unskip\space},
address="HK-TN-0042",
month=5,
year="2023"
}


@techreport{TN64,
	author = "{\relax Hyper-Kamiokande Outer Detector Group: }F. Di Lodovico and E.L. Drakopoulou and G. Erofeev and others",
	title="Outer Detector Technical Report",
	type={\unskip\space},
	address="HK-TN-0064",
	year="2022"
}

@techreport{TN52,
author="Braam, N. and others",
title="LED-mPMTs for HyperK",
type={\unskip\space},
address="HK-TN-0052",
month=10,
year="2023"
}

@online{BFR92,
        author = "Infineon Technologies AG",
        title = "{BFR 92P E6327 Datasheet}",
        url = {https://www.mouser.co.uk/datasheet/2/196/Infineon_LNA_BFR92P_14-73949.pdf},
        urldate =  {2025-07-17},
        year = {2009}
}

@online{LMG1020,
        author = "Texas Instruments Incorporated",
        title = "{LMG1020 Datasheet}",
        url = {https://www.ti.com/lit/ds/symlink/lmg1020.pdf?ts=1752716909774&ref_url=https%253A%252F%252Fwww.mouser.cn%252F},
        urldate =  {2025-07-17},
        year = {2018}
}

@online{EPC2012,
        author = "Efficient Power Conversion Corporation",
        title = "{EPC2012 Datasheet}",
        url = {https://epc-co.com/epc/Portals/0/epc/documents/datasheets/EPC2012_datasheet.pdf},
        urldate =  {2025-07-17},
        year = {2012}
}

@online{EPC8004,
        author = "Efficient Power Conversion Corporation",
        title = "{EPC8004 Datasheet}",
        url = {https://epc-co.com/epc/Portals/0/epc/documents/datasheets/EPC8004_datasheet.pdf},
        urldate =  {2025-07-17},
        year = {2023}
}

@online{H10721-210,
        author = "Hamamatsu Photonics K.K.",
        title = "{H10721-210 Datasheet}",
        url = {https://www.hamamatsu.com/content/dam/hamamatsu-photonics/sites/documents/99_SALES_LIBRARY/etd/H10720_H10721_TPMO1062E.pdf},
        urldate =  {2025-07-17},
        year = {2024}
}

@online{DS90C402,
        author = "Texas Instruments Incorporated",
        title = "{DS90C402 Datasheet}",
        url = {https://www.ti.com/lit/ds/symlink/ds90c402.pdf},
        urldate =  {2025-07-17},
        year = {2013}
}

@online{LT1963,
        author = "Analog Devices",
        title = "{LT1963 Datasheet}",
        url = {https://www.mouser.co.uk/datasheet/2/609/lt1963a-2256452.pdf},
        urldate =  {2025-07-17},
        year = {2021}
}

@online{LM2347-5,
        author = "Texas Instruments Incorporated",
        title = "{LM2347-5 Datasheet}",
        url = {https://www.ti.com/lit/ds/symlink/lm2937.pdf},
        urldate =  {2025-07-17},
        year = {2014}
}

@online{1331962,
        author = "Phoenix Contact",
        title = "{1331962 Datasheet}",
        url = {https://www.phoenixcontact.com/en-us/products/smd-female-connectors-fs-0635-20-fv-r-40-1331962?type=pdf},
        urldate =  {2025-07-17},
        year = {2025}
}

@online{1332120,
        author = "Phoenix Contact",
        title = "{1332120 Datasheet}",
        url = {https://www.phoenixcontact.com/en-us/products/smd-male-connectors-fs-0635-20-mv-r-50-1332120?type=pdf},
        urldate =  {2025-08-21},
        year = {2025}
}


@online{Genesys2,
        author = "Digilent",
        title = "{Genesys 2 Datasheet}",
        url = {https://digilent.com/reference/_media/reference/programmable-logic/genesys-2/genesys2_rm.pdf?srsltid=AfmBOorhD9699F1FTC059o7l9HmCW-0XnE0RnRJf6Thzcvu0vMs-pbAf},
        urldate =  {2025-07-17},
        year = {2017}
}

@online{KM6-2,
        author = "Verotec",
        title = "{Verotec KM6-2 Datasheet}",
        url = {https://www.verotec.co.uk/tech-downloads/Section%201%20-%20KM6-II%20Subracks.pdf},
        urldate =  {2025-07-17},
        year = {2017}
}

@online{SamtecSeam,
        author = "Samtec",
        title = "{SEAM-40-06.5-L-10-2-A-K-TR Datasheet}",
        url = {https://suddendocs.samtec.com/catalog_english/seam.pdf?_gl=1*1soskal*_gcl_au*ODQwODM2MjE4LjE3NTI3NDg2NTY.*_ga*MTAxNjAxOTQwNS4xNzUyNzQ4NjU2*_ga_3KFNZC07WW*czE3NTI3NDg2NTUkbzEkZzAkdDE3NTI3NDg2NTUkajYwJGwwJGgw},
        urldate =  {2025-07-17},
        year = {2025}
}

@online{FP400URT,
        author = "Thorlabs",
        title = "{FP400URT Datasheet}",
        url = {https://www.thorlabs.com/drawings/7ade35b092fac3f3-EFB2F350-971A-B4B4-29D36C92039FB538/FP400URT-SpecSheet.pdf},
        urldate =  {2025-07-17},
        year = {2022}
}

@online{PCA9698,
        author = "NXP B.V.",
        title = "{PCA9698 Datasheet}",
        url = {https://www.nxp.com/docs/en/data-sheet/PCA9698.pdf},
        urldate =  {2025-07-17},
        year = {2010}
}

@online{THD121212,
        author = "Traco Electronic AG",
        title = "{THD 12-1212 Datasheet}",
        url = {https://www.tracopower.com/sites/default/files/products/datasheets/thd12_datasheet.pdf?t=1752706801},
        urldate =  {2025-07-17},
        year = {2025}
}

@online{AD5673,
        author = "Analog Devices",
        title = "{AD5673 Datasheet}",
        url = {https://www.analog.com/media/en/technical-documentation/data-sheets/ad5673r-5677r.pdf},
        urldate =  {2025-07-17},
        year = {2020}
}

@online{ATS2012UV385,
        author = "Kingbright",
        title = "{ATS2012UV385 Datasheet}",
        url = {https://www.mouser.co.uk/datasheet/2/216/ATS2012UV385-1374632.pdf},
        urldate =  {2025-07-17},
        year = {2021}
}

@online{EPCHSGuide,
        author = "Efficient Power Conversion Corporation",
        title = "{Design of High Current Nanosecond
        Resonant Pulse Drivers for Laser Diodes,
        Lidar, and other Applications}",
        url = {https://epc-co.com/epc/Portals/0/epc/documents/application-notes/AN032%20Design%20of%20High%20Current%20Nanosecond%20Resonant%20Pulse%20Drivers.pdf},
        urldate =  {2025-07-17},
        year = {2025}
}

@online{FR-4,
        author = "National Electrical Manufacturers Association",
        title = "{NEMA STANDARDS PUBLICATION NO. LI 1-1998}",
        url = {https://www.nema.org/docs/default-source/standards-document-library/li1.pdf},
        urldate =  {2025-08-19},
        year = {1998}
}

@online{ut-67uv365p,
        author = "LC LED",
        title = "{ut-67uv365p Datasheet}",
        url = {https://www.lc-led.com/products/ut-67uv365p.html},
        urldate =  {2025-08-21},
        year = {2018}
}

@online{KTS-2012UV385,
        author = "Kingbright",
        title = "{KTS-2012UV385  Datasheet}",
        url = {https://docs.rs-online.com/2841/0900766b8166b3fe.pdf},
        urldate =  {2025-08-21},
        year = {2018}
}

@online{WCSim,
		author = "Hyper-Kamiokande Collaboration",
		title = "{WCSim Version 1.12.26}",
		url = {https://github.com/WCSim/WCSim/releases/tag/v1.12.26},
		urldate = {2025-09-16},
		year = {2018}
}
